@article{b1,
	author = {Zhao, Sicheng and Yue, Xiangyu and Zhang, Shanghang and Li, Bo and Zhao, Han and Wu, Bichen and Krishna, Ravi and Gonzalez, Joseph E and Sangiovanni-Vincentelli, Alberto L and Seshia, Sanjit A},
	date = {2020},
	date-added = {2020-12-30 12:11:13 +0900},
	date-modified = {2020-12-30 12:12:02 +0900},
	journal = {IEEE Transactions on Neural Networks and Learning Systems %@ 2162-237X},
	publisher = {IEEE},
	read = {1},
	title = {A Review of Single-Source Deep Unsupervised Visual Domain Adaptation},
	year = {2020}}

